@article{guizzardi2005,
  title={Ontological foundations for structural conceptual models},
  author={Guizzardi, Giancarlo and Guizzardi, Giancarlo},
  year={2005}
}

@inproceedings{gava2003,
  title={Uma ontologia de dom{\'\i}nio para a aprendizagem cooperativa},
  author={Gava, T{\^a}nia Barbosa Salles and de Menezes, Credin{\'e} Silva},
  booktitle={Brazilian Symposium on Computers in Education (Simp{\'o}sio Brasileiro de Inform{\'a}tica na Educa{\c{c}}{\~a}o-SBIE)},
  volume={1},
  number={1},
  pages={336--345},
  year={2003}
}

@article{lv2011,
  title={An approach to ontologies integration},
  author={Lv, Yanhui},
  booktitle={Fuzzy Systems and Knowledge Discovery (FSKD) Eighth International Conference},
  volume={2},
  year={2011},
  organization = {IEEE}
  
}

@article{gruber1995,
  title={Toward principles for the design of ontologies used for knowledge sharing?},
  author={Gruber, Thomas R.},
  journal={International journal of human-computer studies},
  pages={907-928},
  year={1995}
  
}
@article{guizzardi2008,
  title={A import{\^a}ncia de Ontologias de Fundamenta{\c{c}}{\~a}o para a Engenharia de Ontologias de Dom{\'\i}nio: o caso do dom{\'\i}nio de Processos de Software},
  author={Guizzardi, Giancarlo and Falbo, RA and Guizzardi, Renata Silva Souza},
  journal={Revista IEEE Am{\'e}rica Latina},
  volume={6},
  number={3},
  pages={244--251},
  year={2008}
}

@article{da2012,
  title={Revis{\~a}o sistem{\'a}tica da evolu{\c{c}}{\~a}o mvc na base acm},
  author={da Silva, Val{\'e}ria Martins},
  year={2012}
}

@inproceedings{selfa2006,
  title={A database and web application based on mvc architecture},
  author={Selfa, Diana M and Carrillo, Maya and Boone, M Del Rocio},
  booktitle={Electronics, Communications and Computers, 2006. CONIELECOMP 2006. 16th International Conference on},
  pages={48--48},
  year={2006},
  organization={IEEE}
}

@inproceedings{jailia2016,
  title={Behavior of MVC (Model View Controller) based Web Application developed in PHP and. NET framework},
  author={Jailia, Manisha and Kumar, Ashok and Agarwal, Manisha and Sinha, Isha},
  booktitle={ICT in Business Industry \& Government (ICTBIG), International Conference on},
  pages={1--5},
  year={2016},
  organization={IEEE}
}

@article{de2013,
  title={Aplicabilidade da arquitetura MVC em uma aplica{\c{c}}{\~a}o web (WebApps)},
  author={de Lemos, Maxmilian Ferreira and Oliveira, Patr{\'\i}cia Carvalho and Ruela, Leandro C{\'e}sar and da Silva Santos, Matheus and Slveira, Thallis Carvalho and de Sousa Reis, Jos{\'e} Claudio},
  journal={RE3C-Revista Eletr{\^o}nica Cient{\'\i}fica de Ci{\^e}ncia da Computa{\c{c}}{\~a}o},
  volume={8},
  number={1},
  year={2013}
}

@article{sirin2007,
  title={Pellet: A practical owl-dl reasoner},
  author={Sirin, Evren and Parsia, Bijan and Grau, Bernardo Cuenca and Kalyanpur, Aditya and Katz, Yarden},
  journal={Web Semantics: science, services and agents on the World Wide Web},
  volume={5},
  number={2},
  pages={51--53},
  year={2007},
  publisher={Elsevier}
}

@article{mcguinness,
  title={OWL web ontology language overview},
  author={McGuinness, Deborah L and Van Harmelen, Frank and others},
  journal={W3C recommendation},
  volume={10},
  number={10},
  pages={2004},
  year={2004}
}
@inproceedings{parsia2004,
  title={Pellet: An owl dl reasoner},
  author={Parsia, Bijan and Sirin, Evren},
  booktitle={Third international semantic web conference-poster},
  volume={18},
  pages={2},
  year={2004},
  organization={Publishing}
}

@article{almeida2014,
  title={Uma abordagem integrada sobre ontologias: Ci{\^e}ncia da Informa{\c{c}}{\~a}o, Ci{\^e}ncia da Computa{\c{c}}{\~a}o e Filosofia},
  author={Almeida, Maur{\'\i}cio Barcellos},
  journal={Perspectivas em Ci{\^e}ncia da Informa{\c{c}}{\~a}o},
  volume={19},
  number={3},
  pages={242--258},
  year={2014}
}

@online{maven,
  author = {Rodrigo Ottero},
  title = {Introdução ao Maven},
  year = 2012,
  url = {https://www.devmedia.com.br/introducao-ao-maven/25128},
  urldate = {2018-12-03}
}

@misc{junior2014,
  title={Abordagem de Frameworks para JSF que Auxiliam o Desenvolvimento de Software},
  author={Junior, Amarildo Aparecido Ferreira and Rufino, Ricardo Ribeiro},
  year={2014},
  publisher={Paranava{\'\i}}
}

@misc{oliveira2016,
  title={Uma arquitetura voltada para o desenvolvimento de aplicações web},
  author={Oliveira, Djonathan Assis and Dias, Jaime William},
  year={2016},
  publisher={Paranava{\'\i}}
}

@inproceedings{foleiss2009,
  title={Scc: Um compilador C como ferramenta de ensino de compiladores},
  author={Foleiss, Juliano Henrique and Assun{\c{c}}{\~a}o, Guilherme Puglia and Cruz, EHM and Gon{\c{c}}alves, RAL and Feltrim, Val{\'e}ria Delisandra},
  booktitle={WEAC2009-Workshop Educa{\c{c}}{\~a}o em Arquitetura de Computadores},
  pages={15--22},
  year={2009}
}

@book{grune2012,
  title={Modern compiler design},
  author={Grune, Dick and Van Reeuwijk, Kees and Bal, Henri E and Jacobs, Ceriel JH and Langendoen, Koen},
  year={2012},
  publisher={Springer Science \& Business Media}
}